<?xml version="1.0" encoding="UTF-8"?><collection xmlns="http://www.loc.gov/MARC21/slim"><record><leader>00390nam--2200145-i-4500</leader><controlfield tag="001">000015870</controlfield><controlfield tag="002">20161230</controlfield><controlfield tag="005">20161230201031</controlfield><controlfield tag="008">060222s1000------------r-----000-0-eng-d</controlfield><datafield ind1=" " ind2=" " tag="080"><subfield code="a">531.19(061.3)</subfield></datafield><datafield ind1=" " ind2=" " tag="245"><subfield code="a">Applications of field theory to statistical mechanics</subfield></datafield><datafield ind1=" " ind2=" " tag="260"><subfield code="a">Berlin, Springer-verlag, 1985 352 P</subfield></datafield><datafield ind1=" " ind2=" " tag="490"><subfield code="a">Lecture Notes In Physics</subfield></datafield><datafield ind1=" " ind2=" " tag="700"><subfield code="a">L.Garrido</subfield></datafield><datafield ind1=" " ind2=" " tag="852"><subfield code="a">33191</subfield></datafield></record></collection>